@article{costa2000cognate,
  title={The cognate facilitation effect: implications for models of lexical access.},
  author={Costa, Albert and Caramazza, Alfonso and Sebastian-Galles, Nuria},
  journal={Journal of Experimental Psychology: Learning, Memory, and Cognition},
  volume={26},
  number={5},
  pages={1283},
  year={2000},
  publisher={American Psychological Association}
}

@article{emmorey2023ten,
  title={Ten things you should know about sign languages},
  author={Emmorey, Karen},
  journal={Current Directions in Psychological Science},
  pages={09637214231173071},
  year={2023},
  publisher={SAGE Publications Sage CA: Los Angeles, CA}
}

@article{boersma2001speak,
  title={Speak and unSpeak with PRAAT},
  author={Boersma, Paul and Van Heuven, Vincent},
  journal={Glot International},
  volume={5},
  number={9/10},
  pages={341--347},
  year={2001}
}

@article{fenson1994variability,
  title={Variability in early communicative development},
  author={Fenson, Larry and Dale, Philip S and Reznick, J Steven and Bates, Elizabeth and Thal, Donna J and Pethick, Stephen J and Tomasello, Michael and Mervis, Carolyn B and Stiles, Joan},
  journal={Monographs of the society for research in child development},
  pages={i--185},
  year={1994},
  publisher={JSTOR}
}
@manual{garcia-castro2023bvq,
  title = {bvq: Barcelona Vocabulary Questionnaire Database and Helper Functions},
  author = {Gonzalo Garcia-Castro and Daniela S.  Ávila-Varela and Nuria Sebastian-Galles},
  year = {2023},
  snote = {R package version 0.3.0},
  url = {https://gongcastro.github.io/bvq},
}

@article{van2011mice,
  title={mice: Multivariate imputation by chained equations in R},
  author={Van Buuren, Stef and Groothuis-Oudshoorn, Karin},
  journal={Journal of statistical software},
  volume={45},
  pages={1--67},
  year={2011}
}

@article{zettersten2022peekbank,
  title={Peekbank: An open, large-scale repository for developmental eye-tracking data of children’s word recognition},
  author={Zettersten, Martin and Yurovsky, Daniel and Xu, Tian Linger and Uner, Sarp and Tsui, Angeline Sin Mei and Schneider, Rose M and Saleh, Annissa N and Meylan, Stephan C and Marchman, Virginia A and Mankewitz, Jessica and others},
  journal={Behavior Research Methods},
  pages={1--16},
  year={2022},
  publisher={Springer}
}

@Article{mice,
    title = {{mice}: Multivariate Imputation by Chained Equations in R},
    author = {Stef {van Buuren} and Karin Groothuis-Oudshoorn},
    journal = {Journal of Statistical Software},
    year = {2011},
    volume = {45},
    number = {3},
    pages = {1-67},
    doi = {10.18637/jss.v045.i03},
  }

@book{wood2017generalized,
  title={Generalized additive models: an introduction with R},
  author={Wood, Simon N},
  year={2017},
  publisher={CRC press}
}

@article{thierry2007brain,
  title={Brain potentials reveal unconscious translation during foreign-language comprehension},
  author={Thierry, Guillaume and Wu, Yan Jing},
  journal={Proceedings of the National Academy of Sciences},
  volume={104},
  number={30},
  pages={12530--12535},
  year={2007},
  publisher={National Acad Sciences}
}

@article{bergelson20126,
  title={At 6--9 months, human infants know the meanings of many common nouns},
  author={Bergelson, Elika and Swingley, Daniel},
  journal={Proceedings of the National Academy of Sciences},
  volume={109},
  number={9},
  pages={3253--3258},
  year={2012},
  publisher={National Acad Sciences}
}

@article{von2012language,
  title={Language nonselective lexical access in bilingual toddlers},
  author={Von Holzen, Katie and Mani, Nivedita},
  journal={Journal of Experimental Child Psychology},
  volume={113},
  number={4},
  pages={569--586},
  year={2012},
  publisher={Elsevier}
}

@article{hamilton2000infant,
  title={Infant vocabulary development assessed with a British communicative development inventory},
  author={Hamilton, Antonia and Plunkett, Kim and Schafer, Graham},
  journal={Journal of child language},
  volume={27},
  number={3},
  pages={689--705},
  year={2000},
  publisher={Cambridge University Press}
}

@article{bosma2020cognate,
  title={Cognate facilitation in Frisian--Dutch bilingual children’s sentence reading: An eye-tracking study},
  author={Bosma, Evelyn and Nota, Naomi},
  journal={Journal of experimental child psychology},
  volume={189},
  pages={104699},
  year={2020},
  publisher={Elsevier}
}

@article{mani2010infant,
  title={In the infant’s mind’s ear: Evidence for implicit naming in 18-month-olds},
  author={Mani, Nivedita and Plunkett, Kim},
  journal={Psychological science},
  volume={21},
  number={7},
  pages={908--913},
  year={2010},
  publisher={Sage Publications Sage CA: Los Angeles, CA}
}

@article{mani2011phonological,
  title={Phonological priming and cohort effects in toddlers},
  author={Mani, Nivedita and Plunkett, Kim},
  journal={Cognition},
  volume={121},
  number={2},
  pages={196--206},
  year={2011},
  publisher={Elsevier}
}

@article{bosch2001evidence,
  title={Evidence of early language discrimination abilities in infants from bilingual environments},
  author={Bosch, Laura and Sebasti{\'a}n-Gall{\'e}s, N{\'u}ria},
  journal={Infancy},
  volume={2},
  number={1},
  pages={29--49},
  year={2001},
  publisher={Taylor \& Francis}
}

@article{byers2021multilab,
  title={A Multilab Study of Bilingual Infants: Exploring the Preference for Infant-Directed Speech},
  author={Byers-Heinlein, Krista and Tsui, Angeline Sin Mei and Bergmann, Christina and Black, Alexis K and Brown, Anna and Carbajal, Maria Julia and Durrant, Samantha and Fennell, Christopher T and Fi{\'e}vet, Anne-Caroline and Frank, Michael C and others},
  journal={Advances in Methods and Practices in Psychological Science},
  volume={4},
  number={1},
  pages={2515245920974622},
  year={2021},
  publisher={SAGE Publications Sage CA: Los Angeles, CA}
}

@book{mirman2017growth,
  title={Growth curve analysis and visualization using R},
  author={Mirman, Daniel},
  year={2017},
  publisher={Chapman and Hall/CRC}
}

@article{burkner2017brms,
  title={brms: An R package for Bayesian multilevel models using Stan},
  author={B{\"u}rkner, Paul-Christian},
  journal={Journal of statistical software},
  volume={80},
  number={1},
  pages={1--28},
  year={2017}
}

@article{mani2011phonological,
  title={Phonological priming and cohort effects in toddlers},
  author={Mani, Nivedita and Plunkett, Kim},
  journal={Cognition},
  volume={121},
  number={2},
  pages={196--206},
  year={2011},
  publisher={Elsevier}
}

@article{jardak2019labels,
  title={Labels or concepts? The development of semantic networks in bilingual two-year-olds},
  author={Jardak, Amel and Byers-Heinlein, Krista},
  journal={Child development},
  volume={90},
  number={2},
  pages={e212--e229},
  year={2019},
  publisher={Wiley Online Library}
}

@article{costa2000cognate,
  title={The cognate facilitation effect: implications for models of lexical access.},
  author={Costa, Albert and Caramazza, Alfonso and Sebastian-Galles, Nuria},
  journal={Journal of Experimental Psychology: Learning, Memory, and Cognition},
  volume={26},
  number={5},
  pages={1283},
  year={2000},
  publisher={American Psychological Association}
}

@article{boersma2001speak,
  title={Speak and unSpeak with PRAAT},
  author={Boersma, Paul and Van Heuven, Vincent},
  journal={Glot International},
  volume={5},
  number={9/10},
  pages={341--347},
  year={2001}
}

@article{fernald1998rapid,
  title={Rapid gains in speed of verbal processing by infants in the 2nd year},
  author={Fernald, Anne and Pinto, John P and Swingley, Daniel and Weinberg, Amy and McRoberts, Gerald W},
  journal={Psychological science},
  volume={9},
  number={3},
  pages={228--231},
  year={1998},
  publisher={SAGE Publications Sage CA: Los Angeles, CA}
}

@article{byers-heinlein2023sometimes,
	author = {Krista Byers-Heinlein and Ana Maria Gonzalez-Barrero and Esther Schott and Hilary Killam},
	title ={Sometimes larger, sometimes smaller: Measuring vocabulary in monolingual and bilingual infants and toddlers},
	journal = {First Language},
	volume = {0},
	number = {0},
	pages = {01427237231204167},
	year = {2023},
	doi = {10.1177/01427237231204167},
	URL = {https://doi.org/10.1177/01427237231204167},
	eprint = {https://doi.org/10.1177/01427237231204167}
}

@article{hurtado2007spoken,
  title={Spoken word recognition by Latino children learning Spanish as their first language},
  author={Hurtado, Nereyda and Marchman, Virginia A and Fernald, Anne},
  journal={Journal of Child Language},
  volume={34},
  number={2},
  pages={227--249},
  year={2007},
  publisher={Cambridge University Press}
}

@article{marchman2010vocabulary,
  title={How vocabulary size in two languages relates to efficiency in spoken word recognition by young Spanish--English bilinguals},
  author={Marchman, Virginia A and Fernald, Anne and Hurtado, Nereyda},
  journal={Journal of child language},
  volume={37},
  number={4},
  pages={817--840},
  year={2010},
  publisher={Cambridge University Press}
}

@article{swingley2000spoken,
  title={Spoken word recognition and lexical representation in very young children},
  author={Swingley, Daniel and Aslin, Richard N},
  journal={Cognition},
  volume={76},
  number={2},
  pages={147--166},
  year={2000},
  publisher={Elsevier}
}

@article{swingley1999continuous,
  title={Continuous processing in word recognition at 24 months},
  author={Swingley, Daniel and Pinto, John P and Fernald, Anne},
  journal={Cognition},
  volume={71},
  number={2},
  pages={73--108},
  year={1999},
  publisher={Elsevier}
}

@article{swingley2002lexical,
  title={Lexical neighborhoods and the word-form representations of 14-month-olds},
  author={Swingley, Daniel and Aslin, Richard N},
  journal={Psychological science},
  volume={13},
  number={5},
  pages={480--484},
  year={2002},
  publisher={SAGE Publications Sage CA: Los Angeles, CA}
}

@article{pearson1994patterns,
  title={Patterns of interaction in the lexical growth in two languages of bilingual infants and toddlers},
  author={Pearson, Barbara Zurer and Fern{\'a}ndez, Sylvia C},
  journal={Language learning},
  volume={44},
  number={4},
  pages={617--653},
  year={1994},
  publisher={Wiley Online Library}
}

@article{legacy2018vocabulary,
  title={Vocabulary size and speed of word recognition in very young French--English bilinguals: A longitudinal study},
  author={Legacy, Jacqueline and Zesiger, Pascal and Friend, Margaret and Poulin-Dubois, Diane},
  journal={Bilingualism: Language and Cognition},
  volume={21},
  number={1},
  pages={137--149},
  year={2018},
  publisher={Cambridge University Press}
}

@article{kruschke2018bayesian,
  title={The Bayesian New Statistics: Hypothesis testing, estimation, meta-analysis, and power analysis from a Bayesian perspective},
  author={Kruschke, John K and Liddell, Torrin M},
  journal={Psychonomic bulletin \& review},
  volume={25},
  pages={178--206},
  year={2018},
  publisher={Springer}
}

@article{carpenter2017stan,
  title={Stan: A probabilistic programming language},
  author={Carpenter, Bob and Gelman, Andrew and Hoffman, Matthew D and Lee, Daniel and Goodrich, Ben and Betancourt, Michael and Brubaker, Marcus A and Guo, Jiqiang and Li, Peter and Riddell, Allen},
  journal={Journal of statistical software},
  volume={76},
  year={2017},
  publisher={NIH Public Access}
}

@article{grosjean1997bilingual,
  title={The bilingual individual},
  author={Grosjean, Fran{\c{c}}ois},
  journal={Interpreting},
  volume={2},
  number={1-2},
  pages={163--187},
  year={1997},
  publisher={John Benjamins}
}

@article{dufour1995matching,
  title={Matching words to concepts in two languages: A test of the concept mediation model of bilingual representation},
  author={Dufour, Robert and Kroll, Judith F},
  journal={Memory \& cognition},
  volume={23},
  number={2},
  pages={166--180},
  year={1995},
  publisher={Springer}
}

@article{schwartz2007reading,
  title={Reading words in Spanish and English: Mapping orthography to phonology in two languages},
  author={Schwartz, Ana I and Kroll, Judith F and Diaz, Michele},
  journal={Language and Cognitive processes},
  volume={22},
  number={1},
  pages={106--129},
  year={2007},
  publisher={Taylor \& Francis}
}

@article{lemhofer2008native,
  title={Native language influences on word recognition in a second language: a megastudy.},
  author={Lemh{\"o}fer, Kristin and Dijkstra, Ton and Schriefers, Herbert and Baayen, R Harald and Grainger, Jonathan and Zwitserlood, Pienie},
  journal={Journal of Experimental Psychology: Learning, Memory, and Cognition},
  volume={34},
  number={1},
  pages={12},
  year={2008},
  publisher={American Psychological Association}
}

@article{vihman2007onset,
  title={Onset of word form recognition in English, Welsh, and English--Welsh bilingual infants},
  author={Vihman, Marilyn and Thierry, Guillaume and Lum, Jarrad and Keren-Portnoy, Tamar and Martin, Pam},
  journal={Applied Psycholinguistics},
  volume={28},
  number={3},
  pages={475--493},
  year={2007},
  publisher={Cambridge University Press}
}

@article{de2014bilingual,
  title={A bilingual--monolingual comparison of young children's vocabulary size: Evidence from comprehension and production},
  author={De Houwer, Annick and Bornstein, Marc H and Putnick, Diane L},
  journal={Applied psycholinguistics},
  volume={35},
  number={6},
  pages={1189--1211},
  year={2014},
  publisher={Cambridge University Press}
}

@article{fernald2001half,
  title={When half a word is enough: Infants can recognize spoken words using partial phonetic information},
  author={Fernald, Anne and Swingley, Daniel and Pinto, John P},
  journal={Child development},
  volume={72},
  number={4},
  pages={1003--1015},
  year={2001},
  publisher={Wiley Online Library}
}

@article{marslen1987functional,
  title={Functional parallelism in spoken word-recognition},
  author={Marslen-Wilson, William D},
  journal={Cognition},
  volume={25},
  number={1-2},
  pages={71--102},
  year={1987},
  publisher={Elsevier}
}

@article{marslen1978processing,
  title={Processing interactions and lexical access during word recognition in continuous speech},
  author={Marslen-Wilson, William D and Welsh, Alan},
  journal={Cognitive psychology},
  volume={10},
  number={1},
  pages={29--63},
  year={1978},
  publisher={Elsevier}
}

@article{grosjean1980spoken,
  title={Spoken word recognition processes and the gating paradigm},
  author={Grosjean, Fran{\c{c}}ois},
  journal={Perception \& psychophysics},
  volume={28},
  number={4},
  pages={267--283},
  year={1980},
  publisher={Springer}
}

@article{dijkstra2019multilink,
  title={Multilink: A computational model for bilingual word recognition and word translation},
  author={Dijkstra, TON and Wahl, Alexander and Buytenhuijs, Franka and Van Halem, Nino and Al-Jibouri, Zina and De Korte, Marcel and Rekk{\'e}, Steven},
  journal={Bilingualism: Language and Cognition},
  volume={22},
  number={4},
  pages={657--679},
  year={2019},
  publisher={Cambridge University Press}
}

@article{allopenna1998tracking,
  title={Tracking the time course of spoken word recognition using eye movements: Evidence for continuous mapping models},
  author={Allopenna, Paul D and Magnuson, James S and Tanenhaus, Michael K},
  journal={Journal of memory and language},
  volume={38},
  number={4},
  pages={419--439},
  year={1998},
  publisher={Elsevier}
}

@book{agresti2012categorical,
  title={Categorical data analysis},
  author={Agresti, Alan},
  volume={792},
  year={2012},
  publisher={John Wiley \& Sons}
}

@article{barr2008analyzing,
  title={Analyzing ‘visual world’eyetracking data using multilevel logistic regression},
  author={Barr, Dale J},
  journal={Journal of memory and language},
  volume={59},
  number={4},
  pages={457--474},
  year={2008},
  publisher={Elsevier}
}

@article{pedersen2019hierarchical,
  title={Hierarchical generalized additive models in ecology: an introduction with mgcv},
  author={Pedersen, Eric J and Miller, David L and Simpson, Gavin L and Ross, Noam},
  journal={PeerJ},
  volume={7},
  pages={e6876},
  year={2019},
  publisher={PeerJ Inc.}
}

@article{ganger2004reexamining,
  title={Reexamining the vocabulary spurt.},
  author={Ganger, Jennifer and Brent, Michael R},
  journal={Developmental psychology},
  volume={40},
  number={4},
  pages={621},
  year={2004},
  publisher={American Psychological Association}
}

@article{tincoff2012six,
  title={Six-month-olds comprehend words that refer to parts of the body},
  author={Tincoff, Ruth and Jusczyk, Peter W},
  journal={Infancy},
  volume={17},
  number={4},
  pages={432--444},
  year={2012},
  publisher={Wiley Online Library}
}

@article{tincoff1999some,
  title={Some beginnings of word comprehension in 6-month-olds},
  author={Tincoff, Ruth and Jusczyk, Peter W},
  journal={Psychological science},
  volume={10},
  number={2},
  pages={172--175},
  year={1999},
  publisher={SAGE Publications Sage CA: Los Angeles, CA}
}

@article{halle1994emergence,
  title={Emergence of an early receptive lexicon: Infants' recognition of words},
  author={Hall{\'e}, Pierre A and de Boysson-Bardies, B{\'e}n{\'e}dicte},
  journal={Infant behavior and development},
  volume={17},
  number={2},
  pages={119--129},
  year={1994},
  publisher={Elsevier}
}

@article{hoff2012dual,
  title={Dual language exposure and early bilingual development},
  author={Hoff, Erika and Core, Cynthia and Place, Silvia and Rumiche, Rosario and Se{\~n}or, Melissa and Parra, Marisol},
  journal={Journal of child language},
  volume={39},
  number={1},
  pages={1--27},
  year={2012},
  publisher={Cambridge University Press}
}

@article{van2014subtlex,
  title={SUBTLEX-UK: A new and improved word frequency database for British English},
  author={Van Heuven, Walter JB and Mandera, Pawel and Keuleers, Emmanuel and Brysbaert, Marc},
  journal={Quarterly journal of experimental psychology},
  volume={67},
  number={6},
  pages={1176--1190},
  year={2014},
  publisher={SAGE Publications Sage UK: London, England}
}

@article{brysbaert2013zipf,
  title={The Zipf-scale: A better standardized measure of word frequency},
  author={Brysbaert, Marc and Keuleers, Emmanuel and Stevens, Michael and Van der Haegen, Lise and Verma, Ark and Callens, Maaike and Tops, Wim and Khare, Vatsala and Mandera, Pawe{\l} and Vander Beken, Heleen and others},
  journal={Update},
  year={2013}
}


@article{zipf1945meaning,
  title={The meaning-frequency relationship of words},
  author={Zipf, George Kingsley},
  journal={The Journal of general psychology},
  volume={33},
  number={2},
  pages={251--256},
  year={1945},
  publisher={Taylor \& Francis}
}

@book{macwhinney2000childes,
  title={The CHILDES project: The database},
  author={MacWhinney, Brian},
  volume={2},
  year={2000},
  publisher={Psychology Press}
}

@article{sanchez2019childes,
  title={childes-db: A flexible and reproducible interface to the child language data exchange system},
  author={Sanchez, Alessandro and Meylan, Stephan C and Braginsky, Mika and MacDonald, Kyle E and Yurovsky, Daniel and Frank, Michael C},
  journal={Behavior research methods},
  volume={51},
  pages={1928--1941},
  year={2019},
  publisher={Springer}
}

@article{bosma2020cognate,
  title={Cognate facilitation in Frisian--Dutch bilingual children’s sentence reading: An eye-tracking study},
  author={Bosma, Evelyn and Nota, Naomi},
  journal={Journal of experimental child psychology},
  volume={189},
  pages={104699},
  year={2020},
  publisher={Elsevier}
}

@article{poarch2012cross,
  title={Cross-language activation in children’s speech production: Evidence from second language learners, bilinguals, and trilinguals},
  author={Poarch, Gregory J and Van Hell, Janet G},
  journal={Journal of experimental child psychology},
  volume={111},
  number={3},
  pages={419--438},
  year={2012},
  publisher={Elsevier}
}

@article{vihman2004cross,
  title={Cross-linguistic experiments in word-form recognition},
  author={Vihman, Marilyn},
  journal={The Journal of the Acoustical Society of America},
  volume={115},
  number={5\_Supplement},
  pages={2502--2502},
  year={2004},
  publisher={Acoustical Society of America}
}
@article{tincoff1999some,
  title={Some beginnings of word comprehension in 6-month-olds},
  author={Tincoff, Ruth and Jusczyk, Peter W},
  journal={Psychological science},
  volume={10},
  number={2},
  pages={172--175},
  year={1999},
  publisher={SAGE Publications Sage CA: Los Angeles, CA}
}

@article{norris1994shortlist,
  title={Shortlist: A connectionist model of continuous speech recognition},
  author={Norris, Dennis},
  journal={Cognition},
  volume={52},
  number={3},
  pages={189--234},
  year={1994},
  publisher={Elsevier}
}

@article{mcclelland1986trace,
  title={The TRACE model of speech perception},
  author={McClelland, James L and Elman, Jeffrey L},
  journal={Cognitive psychology},
  volume={18},
  number={1},
  pages={1--86},
  year={1986},
  publisher={Elsevier}
}

@article{tardif2008baby,
  title={Baby's first 10 words.},
  author={Tardif, Twila and Fletcher, Paul and Liang, Weilan and Zhang, Zhixiang and Kaciroti, Niko and Marchman, Virginia A},
  journal={Developmental Psychology},
  volume={44},
  number={4},
  pages={929},
  year={2008},
  publisher={American Psychological Association}
}

@article{parise2012electrophysiological,
  title={Electrophysiological evidence for the understanding of maternal speech by 9-month-old infants},
  author={Parise, Eugenio and Csibra, Gergely},
  journal={Psychological science},
  volume={23},
  number={7},
  pages={728--733},
  year={2012},
  publisher={Sage Publications Sage CA: Los Angeles, CA}
}

@article{goldfield1990early,
  title={Early lexical acquisition: Rate, content, and the vocabulary spurt},
  author={Goldfield, Beverly A and Reznick, J Steven},
  journal={Journal of child language},
  volume={17},
  number={1},
  pages={171--183},
  year={1990},
  publisher={Cambridge University Press}
}

@book{bloom2002children,
  title={How children learn the meanings of words},
  author={Bloom, Paul},
  year={2002},
  publisher={MIT press}
}

@article{mcmurray2007defusing,
  title={Defusing the childhood vocabulary explosion},
  author={McMurray, Bob},
  journal={Science},
  volume={317},
  number={5838},
  pages={631--631},
  year={2007},
  publisher={American Association for the Advancement of Science}
}

@article{tomasello2000social,
  title={The social-pragmatic theory of word learning},
  author={Tomasello, Michael},
  journal={Pragmatics. Quarterly Publication of the International Pragmatics Association (IPrA)},
  volume={10},
  number={4},
  pages={401--413},
  year={2000},
  publisher={John Benjamins Publishing Company Amsterdam/Philadephia}
}

@article{krauska2023moving,
  title={Moving away from lexicalism in psycho-and neuro-linguistics},
  author={Krauska, Alexandra and Lau, Ellen},
  journal={Frontiers in Language Sciences},
  volume={2},
  pages={1125127},
  year={2023},
  publisher={Frontiers}
}

@article{kern2007lexicon,
  title={Lexicon development in French-speaking infants},
  author={Kern, Sophie},
  journal={First Language},
  volume={27},
  number={3},
  pages={227--250},
  year={2007},
  publisher={Sage Publications Sage UK: London, England}
}

@article{forbes2019infants,
  title={Infants show early comprehension of basic color words.},
  author={Forbes, Samuel H and Plunkett, Kim},
  journal={Developmental Psychology},
  volume={55},
  number={2},
  pages={240},
  year={2019},
  publisher={American Psychological Association}
}

@article{frank2017wordbank,
  title={Wordbank: An open repository for developmental vocabulary data},
  author={Frank, Michael C and Braginsky, Mika and Yurovsky, Daniel and Marchman, Virginia A},
  journal={Journal of child language},
  volume={44},
  number={3},
  pages={677--694},
  year={2017},
  publisher={Cambridge University Press}
}

@article{swingley1999continuous,
  title={Continuous processing in word recognition at 24 months},
  author={Swingley, Daniel and Pinto, John P and Fernald, Anne},
  journal={Cognition},
  volume={71},
  number={2},
  pages={73--108},
  year={1999},
  publisher={Elsevier}
}

@article{marchman2008speed,
  title={Speed of word recognition and vocabulary knowledge in infancy predict cognitive and language outcomes in later childhood},
  author={Marchman, Virginia A and Fernald, Anne},
  journal={Developmental science},
  volume={11},
  number={3},
  pages={F9--F16},
  year={2008},
  publisher={Wiley Online Library}
}

@article{fernald2013ses,
  title={SES differences in language processing skill and vocabulary are evident at 18 months},
  author={Fernald, Anne and Marchman, Virginia A and Weisleder, Adriana},
  journal={Developmental science},
  volume={16},
  number={2},
  pages={234--248},
  year={2013},
  publisher={Wiley Online Library}
}

@article{vehtari2017practical,
  title={Practical Bayesian model evaluation using leave-one-out cross-validation and WAIC},
  author={Vehtari, Aki and Gelman, Andrew and Gabry, Jonah},
  journal={Statistics and computing},
  volume={27},
  pages={1413--1432},
  year={2017},
  publisher={Springer}
}

@article{huettig2007tug,
  title={The tug of war between phonological, semantic and shape information in language-mediated visual search},
  author={Huettig, Falk and McQueen, James M},
  journal={Journal of memory and language},
  volume={57},
  number={4},
  pages={460--482},
  year={2007},
  publisher={Elsevier}
}

@article{chow2017spoken,
  title={Spoken-word recognition in 2-year-olds: The tug of war between phonological and semantic activation},
  author={Chow, Janette and Davies, Anne Aimola and Plunkett, Kim},
  journal={Journal of Memory and Language},
  volume={93},
  pages={104--134},
  year={2017},
  publisher={Elsevier}
}

@article{fourtassi2020growth,
  title={The growth of children's semantic and phonological networks: Insight from 10 languages},
  author={Fourtassi, Abdellah and Bian, Yuan and Frank, Michael C},
  journal={Cognitive Science},
  volume={44},
  number={7},
  pages={e12847},
  year={2020},
  publisher={Wiley Online Library}
}

@article{hills2009longitudinal,
  title={Longitudinal analysis of early semantic networks: Preferential attachment or preferential acquisition?},
  author={Hills, Thomas T and Maouene, Mounir and Maouene, Josita and Sheya, Adam and Smith, Linda},
  journal={Psychological science},
  volume={20},
  number={6},
  pages={729--739},
  year={2009},
  publisher={SAGE Publications Sage CA: Los Angeles, CA}
}

@article{mitchell2022cognates,
  title={Cognates are advantaged in early bilingual expressive vocabulary development},
  author={Mitchell, Lori and Tsui, Rachel KY and Byers-Heinlein, Krista},
  year={2022},
  publisher={PsyArXiv}
}

@article{siow2022effect,
  title={The Effect of Cognates on Bilingual Infant Vocabulary Trajectories: A Study Using Bilingual CDIs of English and One Additional Language},
  author={Siow, Serene and Gillen, Nicola A and Lepadatu, Irina and Avila-Varela, Daniela S and Garcia-Castro, Gonzalo and Sebastian-Galles, Nuria and Plunkett, Kim},
  year={2022}
}

@article{floccia2018vocabulary,
  title={Vocabulary of 2-year-olds learning English and an additional language: Norms and effects of linguistic distance},
  author={Floccia, Caroline and Sambrook, Thomas D and Delle Luche, Claire and Kwok, Rosa and Goslin, Jeremy and White, Laurence and Cattani, Allegra and Sullivan, Emily and Abbot-Smith, Kirsten and Krott, Andrea and others},
  journal={Monographs of the Society for Research in Child Development},
  volume={83},
  number={1},
  pages={7--29},
  year={2018}
}

@article{floccia2020translation,
  title={Translation equivalent and cross-language semantic priming in bilingual toddlers},
  author={Floccia, Caroline and Delle Luche, Claire and Lepadatu, Irina and Chow, Janette and Ratnage, Paul and Plunkett, Kim},
  journal={Journal of Memory and Language},
  volume={112},
  pages={104086},
  year={2020},
  publisher={Elsevier}
}

@article{fenson1994variability,
  title={Variability in early communicative development},
  author={Fenson, Larry and Dale, Philip S and Reznick, J Steven and Bates, Elizabeth and Thal, Donna J and Pethick, Stephen J and Tomasello, Michael and Mervis, Carolyn B and Stiles, Joan},
  journal={Monographs of the society for research in child development},
  pages={i--185},
  year={1994},
  publisher={JSTOR}
}
@manual{garcia-castro2023bvq,
  title = {bvq: Barcelona Vocabulary Questionnaire Database and Helper Functions},
  author = {Gonzalo Garcia-Castro and Daniela S.  Ávila-Varela and Nuria Sebastian-Galles},
  year = {2023},
  snote = {R package version 0.3.0},
  url = {https://gongcastro.github.io/bvq},
}

@article{van2011mice,
  title={mice: Multivariate imputation by chained equations in R},
  author={Van Buuren, Stef and Groothuis-Oudshoorn, Karin},
  journal={Journal of statistical software},
  volume={45},
  pages={1--67},
  year={2011}
}

@article{zettersten2022peekbank,
  title={Peekbank: An open, large-scale repository for developmental eye-tracking data of children’s word recognition},
  author={Zettersten, Martin and Yurovsky, Daniel and Xu, Tian Linger and Uner, Sarp and Tsui, Angeline Sin Mei and Schneider, Rose M and Saleh, Annissa N and Meylan, Stephan C and Marchman, Virginia A and Mankewitz, Jessica and others},
  journal={Behavior Research Methods},
  pages={1--16},
  year={2022},
  publisher={Springer}
}

@Article{mice,
    title = {{mice}: Multivariate Imputation by Chained Equations in R},
    author = {Stef {van Buuren} and Karin Groothuis-Oudshoorn},
    journal = {Journal of Statistical Software},
    year = {2011},
    volume = {45},
    number = {3},
    pages = {1-67},
    doi = {10.18637/jss.v045.i03},
  }

@book{wood2017generalized,
  title={Generalized additive models: an introduction with R},
  author={Wood, Simon N},
  year={2017},
  publisher={CRC press}
}

@article{thierry2007brain,
  title={Brain potentials reveal unconscious translation during foreign-language comprehension},
  author={Thierry, Guillaume and Wu, Yan Jing},
  journal={Proceedings of the National Academy of Sciences},
  volume={104},
  number={30},
  pages={12530--12535},
  year={2007},
  publisher={National Acad Sciences}
}

@article{bergelson20126,
  title={At 6--9 months, human infants know the meanings of many common nouns},
  author={Bergelson, Elika and Swingley, Daniel},
  journal={Proceedings of the National Academy of Sciences},
  volume={109},
  number={9},
  pages={3253--3258},
  year={2012},
  publisher={National Acad Sciences}
}

@article{persici2019lexical,
  title={Lexical access and competition in bilingual children: The role of proficiency and the lexical similarity of the two languages},
  author={Persici, Valentina and Vihman, Marilyn and Burro, Roberto and Majorano, Marinella},
  journal={Journal of experimental child psychology},
  volume={179},
  pages={103--125},
  year={2019},
  publisher={Elsevier}
}

@article{bergelson2015early,
  title={Early word comprehension in infants: Replication and extension},
  author={Bergelson, Elika and Swingley, Daniel},
  journal={Language Learning and Development},
  volume={11},
  number={4},
  pages={369--380},
  year={2015},
  publisher={Taylor \& Francis}
}

@article{duyck2007visual,
  title={Visual word recognition by bilinguals in a sentence context: evidence for nonselective lexical access.},
  author={Duyck, Wouter and Van Assche, Eva and Drieghe, Denis and Hartsuiker, Robert J},
  journal={Journal of Experimental Psychology: Learning, Memory, and Cognition},
  volume={33},
  number={4},
  pages={663},
  year={2007},
  publisher={American Psychological Association}
}

@article{dijkstra2010cross,
  title={How cross-language similarity and task demands affect cognate recognition},
  author={Dijkstra, Ton and Miwa, Koji and Brummelhuis, Bianca and Sappelli, Maya and Baayen, Harald},
  journal={Journal of Memory and language},
  volume={62},
  number={3},
  pages={284--301},
  year={2010},
  publisher={Elsevier}
}

@article{strijkers2010tracking,
  title={Tracking lexical access in speech production: electrophysiological correlates of word frequency and cognate effects},
  author={Strijkers, Kristof and Costa, Albert and Thierry, Guillaume},
  journal={Cerebral cortex},
  volume={20},
  number={4},
  pages={912--928},
  year={2010},
  publisher={Oxford University Press}
}

@article{hoshino2008cognate,
  title={Cognate effects in picture naming: Does cross-language activation survive a change of script?},
  author={Hoshino, Noriko and Kroll, Judith F},
  journal={Cognition},
  volume={106},
  number={1},
  pages={501--511},
  year={2008},
  publisher={Elsevier}
}

@article{arias2009lexical,
  title={Lexical--semantic priming effects during infancy},
  author={Arias-Trejo, Natalia and Plunkett, Kim},
  journal={Philosophical Transactions of the Royal Society B: Biological Sciences},
  volume={364},
  number={1536},
  pages={3633--3647},
  year={2009},
  publisher={The Royal Society}
}

@article{friedrich2005lexical,
  title={Lexical priming and semantic integration reflected in the event-related potential of 14-month-olds},
  author={Friedrich, Manuela and Friederici, Angela D},
  journal={Neuroreport},
  volume={16},
  number={6},
  pages={653--656},
  year={2005},
  publisher={LWW}
}

@article{friedrich2004n400,
  title={N400-like semantic incongruity effect in 19-month-olds: Processing known words in picture contexts},
  author={Friedrich, Manuela and Friederici, Angela D},
  journal={Journal of cognitive neuroscience},
  volume={16},
  number={8},
  pages={1465--1477},
  year={2004},
  publisher={MIT Press One Rogers Street, Cambridge, MA 02142-1209, USA journals-info~…}
}

@article{kuipers2015bilingualism,
  title={Bilingualism and increased attention to speech: Evidence from event-related potentials},
  author={Kuipers, Jan Rouke and Thierry, Guillaume},
  journal={Brain and Language},
  volume={149},
  pages={27--32},
  year={2015},
  publisher={Elsevier}
}

@article{kuipers2010event,
  title={Event-related brain potentials reveal the time-course of language change detection in early bilinguals},
  author={Kuipers, Jan-Rouke and Thierry, Guillaume},
  journal={Neuroimage},
  volume={50},
  number={4},
  pages={1633--1638},
  year={2010},
  publisher={Elsevier}
}

@article{singh2014one,
  title={One world, two languages: Cross-language semantic priming in bilingual toddlers},
  author={Singh, Leher},
  journal={Child development},
  volume={85},
  number={2},
  pages={755--766},
  year={2014},
  publisher={Wiley Online Library}
}

@article{von2019impact,
  title={The impact of cross-language phonological overlap on bilingual and monolingual toddlers’ word recognition},
  author={Von Holzen, Katie and Fennell, Christopher T and Mani, Nivedita},
  journal={Bilingualism: Language and Cognition},
  volume={22},
  number={3},
  pages={476--499},
  year={2019},
  publisher={Cambridge University Press}
}

@article{arias2013s,
  title={What’s in a link: Associative and taxonomic priming effects in the infant lexicon},
  author={Arias-Trejo, Natalia and Plunkett, Kim},
  journal={Cognition},
  volume={128},
  number={2},
  pages={214--227},
  year={2013},
  publisher={Elsevier}
}

@inproceedings{ramon2010non,
  title={Are non-cognate words phonologically better specified than cognates in the early lexicon of bilingual children},
  author={Ramon-Casas, Marta and Bosch, Laura},
  booktitle={Proceedings of the 4th conference on laboratory approaches to spanish phonology},
  pages={31--36},
  year={2010},
  organization={Cascadilla Sommerville, MA}
}

@article{ramon2009vowel,
  title={Vowel categorization during word recognition in bilingual toddlers},
  author={Ramon-Casas, Marta and Swingley, Daniel and Sebasti{\'a}n-Gall{\'e}s, N{\'u}ria and Bosch, Laura},
  journal={Cognitive psychology},
  volume={59},
  number={1},
  pages={96--121},
  year={2009},
  publisher={Elsevier}
}

@article{wewalaarachchi2017vowels,
  title={Vowels, consonants, and lexical tones: Sensitivity to phonological variation in monolingual Mandarin and bilingual English--Mandarin toddlers},
  author={Wewalaarachchi, Thilanga D and Wong, Liang Hui and Singh, Leher},
  journal={Journal of experimental child psychology},
  volume={159},
  pages={16--33},
  year={2017},
  publisher={Elsevier}
}

@article{von2019impact,
  title={The impact of cross-language phonological overlap on bilingual and monolingual toddlers’ word recognition},
  author={Von Holzen, Katie and Fennell, Christopher T and Mani, Nivedita},
  journal={Bilingualism: Language and Cognition},
  volume={22},
  number={3},
  pages={476--499},
  year={2019},
  publisher={Cambridge University Press}
}

@article{dunabeitia2009masked,
  title={Masked translation priming effects with highly proficient simultaneous bilinguals},
  author={Du{\~n}abeitia, Jon Andoni and Perea, Manuel and Carreiras, Manuel},
  journal={Experimental psychology},
  year={2009},
  publisher={Hogrefe Publishing}
}

@inproceedings{marian1999activation,
  title={Activation of Russian and English cohorts during bilingual spoken word recognition},
  author={Marian, Viorica and Spivey, Michael},
  booktitle={Proceedings of the 21st Annual Conference of the Cognitive Science Society},
  pages={349--354},
  year={1999},
  organization={Erlbaum Mahwah, NJ}
}

@article{costa2014does,
  title={How does the bilingual experience sculpt the brain?},
  author={Costa, Albert and Sebasti{\'a}n-Gall{\'e}s, N{\'u}ria},
  journal={Nature reviews neuroscience},
  volume={15},
  number={5},
  pages={336--345},
  year={2014},
  publisher={Nature Publishing Group UK London}
}

@article{von2012language,
  title={Language nonselective lexical access in bilingual toddlers},
  author={Von Holzen, Katie and Mani, Nivedita},
  journal={Journal of Experimental Child Psychology},
  volume={113},
  number={4},
  pages={569--586},
  year={2012},
  publisher={Elsevier}
}

@article{kleiner2007s,
  title={What's new in Psychtoolbox-3?},
  author={Kleiner, Mario and Brainard, David and Pelli, Denis},
  year={2007},
  publisher={Pion Ltd.}
}

@article{neely1977semantic,
  title={Semantic priming and retrieval from lexical memory: Roles of inhibitionless spreading activation and limited-capacity attention.},
  author={Neely, James H},
  journal={Journal of experimental psychology: general},
  volume={106},
  number={3},
  pages={226},
  year={1977},
  publisher={American Psychological Association}
}

@article{jardak2019labels,
  title={Labels or concepts? The development of semantic networks in bilingual two-year-olds},
  author={Jardak, Amel and Byers-Heinlein, Krista},
  journal={Child Development},
  volume={90},
  number={2},
  pages={e212--e229},
  year={2019},
  publisher={Wiley Online Library}
}

@article{torkildsen2007electrophysiological,
	title = {Electrophysiological correlates of auditory semantic priming in 24-month-olds},
	journal = {Journal of Neurolinguistics},
	volume = {20},
	number = {4},
	pages = {332-351},
	year = {2007},
	issn = {0911-6044},
	doi = {https://doi.org/10.1016/j.jneuroling.2007.02.003},
	url = {https://www.sciencedirect.com/science/article/pii/S0911604407000140},
	author = {Janne von Koss Torkildsen and Gro Syversen and Hanne Gram Simonsen and Inger Moen and Magnus Lindgren},
	keywords = {Semantic priming, Toddlers, Event-related potentials, N400},
}

@article{styles2009infants,
  title={How do infants build a semantic system?},
  author={Styles, Suzy J and Plunkett, Kim},
  journal={Language and Cognition},
  volume={1},
  number={1},
  pages={1--24},
  year={2009},
  publisher={Cambridge University Press}
}

@article{rama2013development,
  title={Development of lexical--semantic language system: N400 priming effect for spoken words in 18-and 24-month old children},
  author={R{\"a}m{\"a}, Pia and Sirri, Louah and Serres, Josette},
  journal={Brain and language},
  volume={125},
  number={1},
  pages={1--10},
  year={2013},
  publisher={Elsevier}
}


@book{frank2021variability,
  title={Variability and consistency in early language learning: The Wordbank project},
  author={Frank, Michael C and Braginsky, Mika and Yurovsky, Daniel and Marchman, Virginia A},
  year={2021},
  publisher={MIT Press}
}

@article{willits2013toddlers,
  title={Toddlers activate lexical semantic knowledge in the absence of visual referents: Evidence from auditory priming},
  author={Willits, Jon A and Wojcik, Erica H and Seidenberg, Mark S and Saffran, Jenny R},
  journal={Infancy},
  volume={18},
  number={6},
  pages={1053--1075},
  year={2013},
  publisher={Wiley Online Library}
}

@article{pelli1997videotoolbox,
  title={The VideoToolbox software for visual psychophysics: Transforming numbers into movies},
  author={Pelli, Denis G and Vision, Spatial},
  journal={Spatial vision},
  volume={10},
  pages={437--442},
  year={1997},
  publisher={VSP}
}

@article{brainard1997psychophysics,
  title={The psychophysics toolbox},
  author={Brainard, David H and Vision, Spatial},
  journal={Spatial vision},
  volume={10},
  number={4},
  pages={433--436},
  year={1997},
  publisher={Citeseer}
}

@article{von2014bilinguals,
  title={Bilinguals implicitly name objects in both their languages: An ERP study},
  author={Von Holzen, Katie and Mani, Nivedita},
  journal={Frontiers in Psychology},
  volume={5},
  pages={1415},
  year={2014},
  publisher={Frontiers Media SA}
}

@article{hamilton2000infant,
  title={Infant vocabulary development assessed with a British communicative development inventory},
  author={Hamilton, Antonia and Plunkett, Kim and Schafer, Graham},
  journal={Journal of child language},
  volume={27},
  number={3},
  pages={689--705},
  year={2000},
  publisher={Cambridge University Press}
}

@article{bosma2020cognate,
  title={Cognate facilitation in Frisian--Dutch bilingual children’s sentence reading: An eye-tracking study},
  author={Bosma, Evelyn and Nota, Naomi},
  journal={Journal of experimental child psychology},
  volume={189},
  pages={104699},
  year={2020},
  publisher={Elsevier}
}

@article{duta2012erp,
  title={ERP correlates of unexpected word forms in a picture--word study of infants and adults},
  author={Duta, MD and Styles, SJ and Plunkett, K},
  journal={Developmental Cognitive Neuroscience},
  volume={2},
  number={2},
  pages={223--234},
  year={2012},
  publisher={Elsevier}
}

@article{styles2015infant,
  title={Infant VEPs reveal neural correlates of implicit naming: Lateralized differences between lexicalized versus name-unknown pictures},
  author={Styles, Suzy J and Plunkett, Kim and Duta, Mihaela D},
  journal={Neuropsychologia},
  volume={77},
  pages={177--184},
  year={2015},
  publisher={Elsevier}
}

@article{mani2010infant,
  title={In the infant’s mind’s ear: Evidence for implicit naming in 18-month-olds},
  author={Mani, Nivedita and Plunkett, Kim},
  journal={Psychological science},
  volume={21},
  number={7},
  pages={908--913},
  year={2010},
  publisher={Sage Publications Sage CA: Los Angeles, CA}
}

@article{mani2011phonological,
  title={Phonological priming and cohort effects in toddlers},
  author={Mani, Nivedita and Plunkett, Kim},
  journal={Cognition},
  volume={121},
  number={2},
  pages={196--206},
  year={2011},
  publisher={Elsevier}
}

@article{bosch2001evidence,
  title={Evidence of early language discrimination abilities in infants from bilingual environments},
  author={Bosch, Laura and Sebasti{\'a}n-Gall{\'e}s, N{\'u}ria},
  journal={Infancy},
  volume={2},
  number={1},
  pages={29--49},
  year={2001},
  publisher={Taylor \& Francis}
}

@article{byers2021multilab,
  title={A Multilab Study of Bilingual Infants: Exploring the Preference for Infant-Directed Speech},
  author={Byers-Heinlein, Krista and Tsui, Angeline Sin Mei and Bergmann, Christina and Black, Alexis K and Brown, Anna and Carbajal, Maria Julia and Durrant, Samantha and Fennell, Christopher T and Fi{\'e}vet, Anne-Caroline and Frank, Michael C and others},
  journal={Advances in Methods and Practices in Psychological Science},
  volume={4},
  number={1},
  pages={2515245920974622},
  year={2021},
  publisher={SAGE Publications Sage CA: Los Angeles, CA}
}

@book{mirman2017growth,
  title={Growth curve analysis and visualization using R},
  author={Mirman, Daniel},
  year={2017},
  publisher={Chapman and Hall/CRC}
}

@article{burkner2017brms,
  title={brms: An R package for Bayesian multilevel models using Stan},
  author={B{\"u}rkner, Paul-Christian},
  journal={Journal of statistical software},
  volume={80},
  number={1},
  pages={1--28},
  year={2017}
}

@article{mani2011phonological,
  title={Phonological priming and cohort effects in toddlers},
  author={Mani, Nivedita and Plunkett, Kim},
  journal={Cognition},
  volume={121},
  number={2},
  pages={196--206},
  year={2011},
  publisher={Elsevier}
}

@article{jardak2019labels,
  title={Labels or concepts? The development of semantic networks in bilingual two-year-olds},
  author={Jardak, Amel and Byers-Heinlein, Krista},
  journal={Child development},
  volume={90},
  number={2},
  pages={e212--e229},
  year={2019},
  publisher={Wiley Online Library}
}