@article{byers2013parental,
  title={Parental language mixing: Its measurement and the relation of mixed input to young bilingual children's vocabulary size},
  author={Byers-Heinlein, Krista},
  journal={Bilingualism: Language and Cognition},
  volume={16},
  number={1},
  pages={32--48},
  year={2013},
  publisher={Cambridge University Press}
}

@manual{garcia2023bvq,
  title = {bvq: Barcelona Vocabulary Questionnaire Database and Helper Functions},
  author = {Gonzalo Garcia-Castro and Daniela S.  Ávila-Varela and Nuria Sebastian-Galles},
  year = {2023},
  snote = {R package version 0.3.0},
  url = {https://gongcastro.github.io/bvq},
}

@article{tsui2023patterns,
  title={Patterns of language switching and bilingual children’s word learning: An experiment across two communities.},
  author={Tsui, Rachel Ka-Ying and Kosie, Jessica E and Fibla, Laia and Lew-Williams, Casey and Byers-Heinlein, Krista},
  journal={Translational Issues in Psychological Science},
  year={2023},
  publisher={Educational Publishing Foundation}
}
